@article{sandryhaila_discrete_2014,
  title = {Discrete {{Signal Processing}} on {{Graphs}}: {{Frequency Analysis}}},
  volume = {62},
  doi = {10.1109/TSP.2014.2321121},
  shorttitle = {Discrete {{Signal Processing}} on {{Graphs}}},
  number = {12},
  journaltitle = {IEEE Transactions on Signal Processing},
  author = {Sandryhaila, A. and Moura, J.M.F.},
  date = {2014-06},
  pages = {3042--3054},
}

@article{shuman_emerging_2013,
  title = {The emerging field of signal processing on graphs: {{Extending}} high-dimensional data analysis to networks and other irregular domains},
  volume = {30},
  doi = {10.1109/MSP.2012.2235192},
  shorttitle = {The emerging field of signal processing on graphs},
  number = {3},
  journaltitle = {IEEE Signal Processing Magazine},
  author = {Shuman, D.I. and Narang, S.K. and Frossard, P. and Ortega, A. and Vandergheynst, P.},
  date = {2013-05},
  pages = {83--98},
}

@article{coifman_diffusion_2006,
  title = {Diffusion wavelets},
  volume = {21},
  doi = {10.1016/j.acha.2006.04.004},
  number = {1},
  journaltitle = {Applied and Computational Harmonic Analysis},
  series = {Special Issue: Diffusion Maps and Wavelets},
  author = {Coifman, Ronald R. and Maggioni, Mauro},
  date = {2006-07},
  pages = {53--94},
}

@inproceedings{ekambaram_circulant_2013,
  title = {Circulant structures and graph signal processing},
  doi = {10.1109/ICIP.2013.6738172},
  eventtitle = {2013 20th IEEE International Conference on Image Processing (ICIP)},
  author = {Ekambaram, V.N. and Fanti, G.C. and Ayazifar, B. and Ramchandran, K.},
  date = {2013-09},
  pages = {834--838},
}


@article{puy2015random,
  title={Random sampling of bandlimited signals on graphs},
  author={Puy, Gilles and Tremblay, Nicolas and Gribonval, R{\'e}mi and Vandergheynst, Pierre},
  journal={arXiv preprint arXiv:1511.05118},
  year={2015}
}


@article{tsitsvero2015signals,
  title={Signals on graphs: Uncertainty principle and sampling},
  author={Tsitsvero, Mikhail and Barbarossa, Sergio and Di Lorenzo, Paolo},
  journal={arXiv preprint arXiv:1507.08822},
  year={2015}
}

@INPROCEEDINGS{szlam,
   author = {{Szlam}, A.~D. and {Maggioni}, M. and {Coifman}, R.~R. and {Bremer}, Jr., J.~C.
  },
    title = "{Diffusion-driven multiscale analysis on manifolds and graphs: top-down and bottom-up constructions}",
booktitle = {Proc. {SPIE} Wavelets},
     year = 2005,
   volume = 5914,
   month = {Aug.},
    pages = {445-455},
}

@INPROCEEDINGS{gavish,
  author = {M. Gavish and B. Nadler and R. R. Coifman},
  title = {Multiscale Wavelets on Trees, Graphs and High Dimensional Data: {T}heory and Applications to Semi Supervised Learning},
  booktitle = {Proc. Int. Conf. Mach. Learn.},
    address={Haifa, Israel},
    month={Jun.},
  year = {2010},
  pages={367-374}
}

@inproceedings{Maggioni_biorthogonal,
  author = {M Maggioni and J. C. Bremer and R. R. Coifman and A. D. Szlam},
  title = {Biorthogonal diffusion wavelets for multiscale representations on manifolds and graphs},
  booktitle = {Proc. {SPIE} Wavelet XI},
  month={Sep.},
  year = {2005},
  volume = {5914},
}

@INPROCEEDINGS{liu_coarsening,
  author = {P. Liu and X. Wang and Y. Gu},
  title = {Coarsening Graph Signal with Spectral Invariance},
  booktitle = {Proc. IEEE Int. Conf. Acc., Speech, and Signal Process.},
address={Florence, Italy},
  pages = {1070-1074},
  month={May},
  year = {2014},
}

@article{coifman_diffusion_2006,
  title = {Diffusion wavelets},
  volume = {21},
  doi = {10.1016/j.acha.2006.04.004},
  number = {1},
  journaltitle = {Applied and Computational Harmonic Analysis},
  series = {Special Issue: Diffusion Maps and Wavelets},
  author = {Coifman, Ronald R. and Maggioni, Mauro},
  date = {2006-07},
  pages = {53--94},
}

@Article{lafon_coarse,
   author      = {S. Lafon and A. B. Lee},
    journal     = {IEEE Trans. Pattern Anal. Mach. Intell.},
    title       = {Diffusion Maps and Coarse-Graining: {A} Unified Framework for Dimensionality Reduction, Graph Partitioning, and Data Set Parameterization},
    month={Sep.},
  year        = 2006,
  volume={28},
  number={9},
  pages={1393-1403},
}

@article {jansen,
author = {Jansen, Maarten and Nason, Guy P. and Silverman, B. W.},
title = {Multiscale methods for data on graphs and irregular multidimensional situations},
journal = {J. R. Stat. Soc. Ser. B Stat. Methodol.},
volume = {71},
number = {1},
pages = {97-125},
year = {2009},
}


@INPROCEEDINGS{narang_lifting_graphs,
   author = {S. K. Narang and A. Ortega},
    title = {Lifting based wavelet transforms on graphs},
booktitle = {Proc. {APSIPA ASC}},
  address={Sapporo, Japan},
     year = 2009,
   month = {Oct.},
    pages = {441-444},
}

@article{narang_bior_filters,
  author    = {Sunil K. Narang and
               Antonio Ortega},
  title     = {Compact Support Biorthogonal Wavelet Filterbanks for Arbitrary
               Undirected Graphs},
  journal = {IEEE Trans. Signal Process.},
  volume={61},
  number={19},
month={Oct.},
  year      = {2013},
  pages={4673-4685},
}

@inproceedings{ekambaram_globalsip,
  title={Critically-sampled Perfect-reconstruction spline-wavelet filter banks for graph signals},
  author={Ekambaram, Venkatesan N and Fanti, G. C. and Ayazifar, Babak and Ramchandran, Kannan},
  booktitle={Proc. Glob. Conf. Signal Inf. Process.},
  month={Dec.},
  address={Austin, TX},
  year={2013},
  pages={475-478},
}


@inproceedings{leonardi_fmri,
  author = {N. Leonardi and D. {Van De Ville}},
  title = {Wavelet frames on graphs defined by {FMRI} functional connectivity},
  booktitle = {Proc. IEEE Int. Symp. Biomed. Imag.},
   pages={2136-2139},
   month={Mar.},
   address={Chicago, IL},
    year = {2011},
}

@ARTICLE{leonardi_multislice,
  author = {N. Leonardi and D. {Van De Ville}},
  title = {Tight Wavelet Frames on Multislice Graphs},
  journal = {IEEE Trans. Signal Process.},
  month={Jul.},
  volume={61},
  number={13},
  year = {2013},
  pages={3357-3367},
}


@incollection{belkin2005towards,
  title={Towards a theoretical foundation for Laplacian-based manifold methods},
  author={Belkin, Mikhail and Niyogi, Partha},
  booktitle={Learning theory},
  pages={486--500},
  year={2005},
  publisher={Springer}
}


@ARTICLE{shuman2013spectrum,
   author = {{D. I Shuman} and C. Wiesmeyr and N. Holighaus and P. Vandergheynst},
   title = {Spectrum-Adapted Tight Graph Wavelet and Vertex-Frequency Frames},
   journal = {IEEE Trans. Signal Process.},
   month={Aug.},
   volume={63},
   number={16},
   pages={4223--4235},
   year = {2015},
}

@ARTICLE{agaskarlu13, 
author={Agaskar, A. and Lu, Y.M.}, 
journal={IEEE Trans. Inf. Theory}, 
title={A Spectral Graph Uncertainty Principle}, 
year={2013}, 
month={Jul.}, 
volume={59}, 
number={7}, 
pages={4338--4356}, 
}


@ARTICLE{Nakatsukasa2013mysteries,
  author = {Y. Nakatsukasa and N. Saito and E. Woei},
  title = {Mysteries around the graph {L}aplacian eigenvalue 4},
  journal = {Linear Algebra Appl.},
  year = {2013},
  month={Apr.},
  volume = {438},
  number={8},
  pages = {3231-3246}
}

@ARTICLE{brooks,
title={Non-localization of eigenfunctions on large regular graphs},
  author={Brooks, Shimon and Lindenstrauss, Elon},
  journal={Israel Journal of Mathematics},
  volume={193},
  number={1},
  pages={1--14},
  year={2013},
  publisher={Springer}
}


@article{dekel,
author={Y. Dekel and J. R. Lee and N. Linial},
  title = {Eigenvectors of random graphs: {N}odal domains},
  journal = {Random Structures \& Algorithms},
  year = {2011},
  volume = {39},
  number={1},
  pages = {39-58},
}

@ARTICLE{mcgraw,
  author = {P. N. {McGraw} and M. Menzinger},
  title = {Laplacian Spectra as a Diagnostic Tool for Network Structure and Dynamics},
  journal = {Phys. Rev. E},
  year = {2008},
  volume = {77},
  number={3},
  pages = {{031102-1} -- {031102-14} }
}


@ARTICLE{shuman2015vertex,
  author    = {{D. I Shuman} and B. Ricaud and P. Vandergheynst},
  title     = {Vertex-Frequency Analysis on Graphs},
    journal     = {Appl. Comput. Harmon. Anal.},
    volume={40},
    number={2},
     month={Mar.},
  year        = 2016,
  pages={260-291},
 }

@article{pasdeloup,
  author    = {B. Pasdeloup and R. Alami and V. Gripon and M. Rabbat},
  title     = {Toward an uncertainty principle for weighted graphs},
  journal   = {{ArXiv e-prints}},
  month    = {Mar.},
  year      = {2015},
}

@INPROCEEDINGS{agaskar_spie,
  author = {A. Agaskar and Y. M. Lu},
  title = {An Uncertainty Principle for Functions Defined on Graphs},
  booktitle = {Proc. {SPIE}},
  volume={8138},
address={San Diego, CA},
  month={Aug.},
  year = {2011},
  pages={81380T-1 -- 81380T-11},
}

@INPROCEEDINGS{agaskar_icassp,
  author = {A. Agaskar and Y. M. Lu},
  title = {Uncertainty Principles for Signals Defined on Graphs: {Bounds} and Characterizations},
  booktitle = {Proc. IEEE Int. Conf. Acc., Speech, and Signal Process.},
address={Kyoto, Japan},
  pages = {3493-3496},
  month={Mar.},
  year = {2012},
}

@article{perraudin2016global,
  title={Global and Local Uncertainty Principles for Signals on Graphs},
  author={Perraudin, Nathanael and Ricaud, Benjamin and Shuman, David and Vandergheynst, Pierre},
  journal={arXiv preprint arXiv:1603.03030},
  year={2016}
}

@article{perraudin2016stationary,
  title={Stationary signal processing on graphs},
  author={Perraudin, Nathana{\"e}l and Vandergheynst, Pierre},
  journal={arXiv preprint arXiv:1601.02522},
  year={2016}
}


@BOOK{chung1997spectral,
  title = {Spectral Graph Theory},
  publisher = {Vol. 92 of the {CBMS} Regional Conference Series in Mathematics, {American Mathematical Society}},
  year = {1997},
  author = {F. R. K. Chung},
}


@ARTICLE{shuman2016multiscale,
  author    = {{D. I Shuman} and M.J. Faraji and P. Vandergheynst},
  title     = {A Multiscale Pyramid Transform for Graph Signals},
  journal   = {IEEE. Trans. Signal Process.},
  year      = {2016},
}

@ARTICLE{thanou_TSP_2014,
  author    = {D. Thanou and {D. I Shuman} and P. Frossard},
  title     = {Learning Parametric Dictionaries for Signals on Graphs},
  journal   = {IEEE. Trans. Signal Process.},
  volume  = {62},
  number={15},
  month    = {Aug.},
  year      = {2014},
  pages = {3849-3862},
}


@article{zhang2015graph,
  title={Graph Signal Processing--A Probabilistic Framework},
  author={Zhang, Cha and Flor{\^e}ncio, Dinei and Chou, Philip A},
  year={2015}

}

@Article{hammond2011wavelets,
   author      = {D. K. Hammond and P. Vandergheynst and R. Gribonval},
    journal     = {Appl. Comput. Harmon. Anal.},
    title       = {Wavelets on graphs via spectral graph theory},
    month={Mar.},
  year        = {2011},
  volume={30},
  number={2},
  pages={129-150},
}

@article{gadde2015probabilistic,
  title={A Probabilistic Interpretation of Sampling Theory of Graph Signals},
  author={Gadde, Akshay and Ortega, Antonio},
  journal={arXiv preprint arXiv:1503.06629},
  year={2015}
}

@incollection{smola,
author = {Smola, A J and Kondor, R},
title = {{Kernels and Regularization on Graphs}},
booktitle = {Proc. Ann. Conf. Comp. Learn. Theory},
year = {2003},
editor = {Sch{\"o}lkopf, B and Warmuth, M},
pages = {144--158},
publisher = {Springer}
}


@article{Dong:2014tj,
author = {Dong, Xiaowen and Thanou, Dorina and Frossard, Pascal and Vandergheynst, Pierre},
title = {{Learning Laplacian Matrix in Smooth Graph Signal Representations}},
journal = {arXiv.org},
year = {2014},
eprint = {1406.7842v2},
eprinttype = {arxiv},
eprintclass = {cs.LG},
month = jun
}


@article{shahid2015fast,
  title={Fast robust pca on graphs},
  author={Shahid, Nauman and Perraudin, Nathanael and Kalofolias, Vassilis and Vandergheynst, Pierre},
  journal={arXiv preprint arXiv:1507.08173},
  year={2015}
}

@article{zhou2004regularization,
  title={A regularization framework for learning from graph data},
  author={Zhou, Dengyong and Sch{\"o}lkopf, Bernhard},
  year={2004}
}


@article{sandryhaila2014discrete,
  title={Discrete signal processing on graphs: Frequency analysis},
  author={Sandryhaila, Aliaksei and Moura, J},
  year={2014},
  publisher={IEEE}
}

@inproceedings{zhou2006learning,
  title={Learning with hypergraphs: Clustering, classification, and embedding},
  author={Zhou, Dengyong and Huang, Jiayuan and Sch{\"o}lkopf, Bernhard},
  booktitle={Advances in neural information processing systems},
  pages={1601--1608},
  year={2006}
}

@inproceedings{zhou2005learning,
author = {Zhou, Dengyong and Huang, Jiayuan and Sch{\"o}lkopf, Bernhard},
title = {{Learning from labeled and unlabeled data on a directed graph}},
booktitle = {the 22nd international conference},
year = {2005},
pages = {1036--1043},
publisher = {ACM Press},
address = {New York, New York, USA}
}

@article{belkin2003laplacian,
  title={Laplacian eigenmaps for dimensionality reduction and data representation},
  author={Belkin, Mikhail and Niyogi, Partha},
  journal={Neural computation},
  volume={15},
  number={6},
  pages={1373--1396},
  year={2003},
  publisher={MIT Press}
}

@article{belkin2006manifold,
  title={Manifold regularization: A geometric framework for learning from labeled and unlabeled examples},
  author={Belkin, Mikhail and Niyogi, Partha and Sindhwani, Vikas},
  journal={The Journal of Machine Learning Research},
  volume={7},
  pages={2399--2434},
  year={2006},
  publisher={JMLR. org}
}

@article{belkin2007convergence,
  title={Convergence of Laplacian eigenmaps},
  author={Belkin, Mikhail and Niyogi, Partha},
  journal={Advances in Neural Information Processing Systems},
  volume={19},
  pages={129},
  year={2007},
  publisher={MIT; 1998}
}

@article{von2008consistency,
  title={Consistency of spectral clustering},
  author={Von Luxburg, Ulrike and Belkin, Mikhail and Bousquet, Olivier},
  journal={The Annals of Statistics},
  pages={555--586},
  year={2008},
  publisher={JSTOR}
}

@inproceedings{anis2014towards,
  title={Towards a sampling theorem for signals on arbitrary graphs},
  author={Anis, Anas and Gadde, Akshay and Ortega, Antonio},
  booktitle={Acoustics, Speech and Signal Processing (ICASSP), 2014 IEEE International Conference on},
  pages={3864--3868},
  year={2014},
  organization={IEEE}
}

@article{elmoataz2008nonlocal,
  title={Nonlocal discrete regularization on weighted graphs: a framework for image and manifold processing},
  author={Elmoataz, Abderrahim and Lezoray, Olivier and Bougleux, S{\'e}bastien},
  journal={Image Processing, IEEE Transactions on},
  volume={17},
  number={7},
  pages={1047--1060},
  year={2008},
  publisher={IEEE}
}

@inproceedings{lezoray2008nonlocal,
  title={Nonlocal graph regularization for image colorization},
  author={Lezoray, Olivier and Ta, Vinh Thong and Elmoataz, Abderrahim},
  booktitle={Pattern Recognition, 2008. ICPR 2008. 19th International Conference on},
  pages={1--4},
  year={2008},
  organization={IEEE}
}

@article{huang2015graph,
  title={Graph Frequency Analysis of Brain Signals},
  author={Huang, Weiyu and Goldsberry, Leah and Wymbs, Nicholas F and Grafton, Scott T and Bassett, Danielle S and Ribeiro, Alejandro},
  journal={arXiv preprint arXiv:1512.00037},
  year={2015}
}


@article{spielman2011graph,
  title={Graph sparsification by effective resistances},
  author={Spielman, Daniel A and Srivastava, Nikhil},
  journal={SIAM Journal on Computing},
  volume={40},
  number={6},
  pages={1913--1926},
  year={2011},
  publisher={SIAM}
}

@article{jain2014big,
  title={Big Data+ Big Cities: Graph Signals of Urban Air Pollution [Exploratory SP]},
  author={Jain, Ravinder K and Moura, Jose MF and Kontokosta, Constantine E},
  journal={Signal Processing Magazine, IEEE},
  volume={31},
  number={5},
  pages={130--136},
  year={2014},
  publisher={IEEE}
}

@article{hu2015spectral,
  title={A Spectral Graph Regression Model for Learning Brain Connectivity of Alzheimer’s Disease},
  author={Hu, Chenhui and Cheng, Lin and Sepulcre, Jorge and Johnson, Keith A and Fakhri, Georges E and Lu, Yue M and Li, Quanzheng},
  journal={PloS one},
  volume={10},
  number={5},
  pages={e0128136},
  year={2015},
  publisher={Public Library of Science}
}

@article{borgnat2011shared,
  title={Shared bicycles in a city: A signal processing and data analysis perspective},
  author={Borgnat, Pierre and Abry, Patrice and Flandrin, Patrick and Robardet, C{\'e}line and Rouquier, Jean-Baptiste and Fleury, Eric},
  journal={Advances in Complex Systems},
  volume={14},
  number={03},
  pages={415--438},
  year={2011},
  publisher={World Scientific}
}

@article{kalofolias2016learn,
  title={How to learn a graph from smooth signals},
  author={Kalofolias, Vassilis},
  journal={arXiv preprint arXiv:1601.02513},
  year={2016}
}


